<record><leader>00000cas a22000007a 4500</leader><controlfield tag="001">10251698</controlfield><controlfield tag="008">831227d19061921ksudr ne      0   a0eng d</controlfield><datafield ind1=" " ind2=" " tag="010"><subfield code="a">sn 83041154 </subfield></datafield><datafield ind1=" " ind2=" " tag="040"><subfield code="a">KSH</subfield><subfield code="b">eng</subfield><subfield code="c">KSH</subfield><subfield code="d">NPT</subfield><subfield code="d">OCLCQ</subfield></datafield><datafield ind1=" " ind2=" " tag="042"><subfield code="a">msc</subfield></datafield><datafield ind1=" " ind2=" " tag="043"><subfield code="a">n-us-ks</subfield></datafield><datafield ind1="0" ind2=" " tag="130"><subfield code="a">Burlington republican (Burlington, Kan. : 1906 : Daily)</subfield></datafield><datafield ind1="1" ind2="4" tag="245"><subfield code="a">The Burlington republican.</subfield></datafield><datafield ind1=" " ind2=" " tag="260"><subfield code="a">Burlington, Kan. :</subfield><subfield code="b">John Redmond,</subfield><subfield code="c">1906-1921.</subfield></datafield><datafield ind1=" " ind2=" " tag="300"><subfield code="a">15 v. :</subfield><subfield code="b">ill. ;</subfield><subfield code="c">50 cm.</subfield></datafield><datafield ind1=" " ind2=" " tag="310"><subfield code="a">Daily (except Sun.)</subfield></datafield><datafield ind1="0" ind2=" " tag="362"><subfield code="a">Vol. 11, no. 99 (Apr. 25, 1906)-v. 61, no. 308 (Dec. 24, 1921).</subfield></datafield><datafield ind1=" " ind2=" " tag="530"><subfield code="a">Available on microfilm from Micro Photo.</subfield></datafield><datafield ind1=" " ind2=" " tag="752"><subfield code="a">United States</subfield><subfield code="b">Kansas</subfield><subfield code="c">Coffey</subfield><subfield code="d">Burlington.</subfield></datafield><datafield ind1="0" ind2="0" tag="780"><subfield code="t">Burlington republican and daily Jeffersonian</subfield><subfield code="w">(DLC)sn 83041153</subfield></datafield><datafield ind1="0" ind2="0" tag="785"><subfield code="t">Daily republican (Burlington, Kan.)</subfield><subfield code="w">(DLC)sn 83041152</subfield></datafield></record>